<?xml version="1.0" encoding="UTF-8"?><collection xmlns="http://www.loc.gov/MARC21/slim"><record><leader>00393nam--2200109-i-4500</leader><controlfield tag="001">000024301</controlfield><controlfield tag="002">20161230</controlfield><controlfield tag="005">20161230201035</controlfield><controlfield tag="008">060222s1000------------r-----000-0-eng-d</controlfield><datafield ind1=" " ind2=" " tag="245"><subfield code="a">Halbleiterprobleme in referaten del halbleiterausschusses auf tagunen des verbandes deutscher physikalischer. geseellschaften erlangen 1960. bd.vi</subfield></datafield><datafield ind1=" " ind2=" " tag="260"><subfield code="a">Braunschweig, Friedr.Wieweg And Sohn, 1961</subfield></datafield><datafield ind1=" " ind2=" " tag="852"><subfield code="a">10523</subfield></datafield></record></collection>